@book{kaeble2020probation,
  title={Probation and Parole in the United States, 2017-2018},
  author={Kaeble, D. and Alper, M.},
  year={2020},
  publisher={Bureau of Justice Statistics},
  address={Washington, DC}
}

@article{lowenkamp2006risk,
  title={The Risk Principle in Action: What Have We Learned from 13,676 Offenders and 97 Correctional Programs?},
  author={Lowenkamp, C. and Latesa, E. and Holsinger, A.},
  journal={Crime \& Delinquency},
  volume={52},
  pages={77--93},
  year={2006}
}

@book{bird2018realignment,
  title={Evaluating the Effects of Realignment Practices on Recidivism},
  author={Bird, M. and Grattet, R.},
  year={2018},
  publisher={National Institute of Justice},
  address={Washington, DC}
}

@article{berk2020acceptable,
  title={Almost Politically Acceptable Criminal Justice Risk Assessment},
  author={Berk, R. and Elzarka, A.},
  journal={Criminology \& Public Policy},
  volume={19},
  pages={1231--1257},
  year={2020}
}

@article{western2019radicalized,
  title={Radicalized Re-entry: Labor Market Inequality After Incarceration},
  author={Western, B. and Sirois, C.},
  journal={Social Forces},
  volume={97},
  pages={1517--1542},
  year={2019}
}
