@book{kaeble2020probation,
  title={Probation and Parole in the United States, 2017-2018},
  author={Kaeble, D. and Alper, M.},
  year={2020},
  publisher={Bureau of Justice Statistics},
  address={Washington, DC}
}

@article{lowenkamp2006risk,
  title={The Risk Principle in Action: What Have We Learned from 13,676 Offenders and 97 Correctional Programs?},
  author={Lowenkamp, C. and Latesa, E. and Holsinger, A.},
  journal={Crime \& Delinquency},
  volume={52},
  pages={77--93},
  year={2006}
}

@book{bird2018realignment,
  title={Evaluating the Effects of Realignment Practices on Recidivism},
  author={Bird, M. and Grattet, R.},
  year={2018},
  publisher={National Institute of Justice},
  address={Washington, DC}
}

@article{berk2020acceptable,
  title={Almost Politically Acceptable Criminal Justice Risk Assessment},
  author={Berk, R. and Elzarka, A.},
  journal={Criminology \& Public Policy},
  volume={19},
  pages={1231--1257},
  year={2020}
}

@article{western2019radicalized,
  title={Radicalized Re-entry: Labor Market Inequality After Incarceration},
  author={Western, B. and Sirois, C.},
  journal={Social Forces},
  volume={97},
  pages={1517--1542},
  year={2019}
}

@book{Durose2014,
  author    = {Durose, Matthew R. and Cooper, Alexia D. and Snyder, Howard N.},
  title     = {Recidivism of Prisoners Released in 30 States in 2005: Patterns from 2005 to 2010},
  year      = {2014},
  publisher = {Bureau of Justice Statistics Special Report}
}

@article{Berk2009,
  author    = {Berk, Richard A.},
  title     = {The Role of Race in Forecasts of Violent Crime},
  journal   = {Race and Social Problems},
  volume    = {1},
  number    = {4},
  pages     = {231--242},
  year      = {2009},
  doi       = {10.1007/s12552-009-9014-7}
}

@book{James2013,
  author    = {James, Gareth and Witten, Daniela and Hastie, Trevor and Tibshirani, Robert},
  title     = {An Introduction to Statistical Learning: With Applications in R},
  year      = {2013},
  publisher = {Springer},
  address   = {New York}
}

@online{Angwin2016,
  author    = {Julia Angwin and Jeff Larson and Surya Mattu and Lauren Kirchner},
  title     = {Machine Bias},
  year      = {2016},
  url       = {https://www.propublica.org/article/machine-bias}
}


@article{Chouldechova2017,
  author    = {Chouldechova, Alexandra},
  title     = {Fair Prediction with Disparate Impact: A Study of Bias in Recidivism Prediction Instruments},
  journal   = {Big Data},
  volume    = {5},
  number    = {2},
  pages     = {153--163},
  year      = {2017},
  doi       = {10.1089/big.2016.0047}
}

@book{Hastie2015,
  author    = {Hastie, Trevor and Tibshirani, Robert and Friedman, Jerome},
  title     = {The Elements of Statistical Learning: Data Mining, Inference, and Prediction},
  edition   = {2nd},
  publisher = {Springer},
  address   = {New York},
  year      = {2015}
}

@article{Berk2018,
  author    = {Berk, Richard and Heidari, Hoda and Jabbari, Shahin and Joseph, Matthew and Kearns, Michael},
  title     = {Fairness in Criminal Justice Risk Assessments: The State of the Art},
  journal   = {Sociological Methods \& Research},
  volume    = {47},
  number    = {1},
  pages     = {3--44},
  year      = {2018},
  doi       = {10.1177/0049124118782533}
}
